@article{serikova2019high,
  title={High carbon emissions from thermokarst lakes of Western Siberia},
  author={Serikova, Svetlana and Pokrovsky, OS and Laudon, H and Krickov, IV and Lim, AG and Manasypov, RM and Karlsson, J},
  journal={Nature Communications},
  volume={10},
  number={1},
  pages={1552},
  year={2019},
  publisher={Nature Publishing Group UK London}
}

@article{holgerson2017gas,
  title={Gas transfer velocities in small forested ponds},
  author={Holgerson, Meredith A and Farr, Emily R and Raymond, Peter A},
  journal={Journal of Geophysical Research: Biogeosciences},
  volume={122},
  number={5},
  pages={1011--1021},
  year={2017},
  publisher={Wiley Online Library}
}



@article{karlsson2021carbon,
  title={Carbon emission from Western Siberian inland waters},
  author={Karlsson, Jan and Serikova, Svetlana and Vorobyev, Sergey N and Rocher-Ros, Gerard and Denfeld, Blaize and Pokrovsky, Oleg S},
  journal={Nature communications},
  volume={12},
  number={1},
  pages={825},
  year={2021},
  publisher={Nature Publishing Group UK London}
}


@article{holgerson2016large,
  title={Large contribution to inland water CO2 and CH4 emissions from very small ponds},
  author={Holgerson, Meredith A and Raymond, Peter A},
  journal={Nature Geoscience},
  volume={9},
  number={3},
  pages={222--226},
  year={2016},
  publisher={Nature Publishing Group UK London}
}


@book{mandelbrot1982fractal,
  title={The fractal geometry of nature},
  author={Mandelbrot, Benoit B and Mandelbrot, Benoit B},
  volume={1},
  year={1982},
  publisher={WH freeman New York}
}

@article{bartosiewicz2015greenhouse,
  title={Greenhouse gas emission and storage in a small shallow lake},
  author={Bartosiewicz, Maciej and Laurion, Isabelle and MacIntyre, Sally},
  journal={Hydrobiologia},
  volume={757},
  pages={101--115},
  year={2015},
  publisher={Springer}
}


@article{colina2022role,
  title={Role of the dominant primary producer and the associated trophic structure on carbon fluxes (CO2 and CH4) in shallow lakes},
  author={Colina Rama, Maite},
  year={2022},
  publisher={Udelar. FC.}
}

@article{cael2016size,
  title={The size-distribution of Earthâ€™s lakes},
  author={Cael, Brendan Barry and Seekell, David A},
  journal={Scientific reports},
  volume={6},
  number={1},
  pages={29633},
  year={2016},
  publisher={Nature Publishing Group UK London}
}